@article{Chen:xu2352,
author = "Chen, Qun and Xie, Yingmei and Li, Chao and He, Mingyang and Chen, Shengchun",
title = "{2,3,5,6-Tetra{\-}chloro{\-}benzene-1,4-dicarboxylic acid}",
journal = "Acta Crystallographica Section E",
year = "2007",
volume = "63",
number = "12",
pages = "o4549",
month = "Dec",
doi = {10.1107/S1600536807053822},
url = {http://dx.doi.org/10.1107/S1600536807053822},
}
